<record><leader>00000cas a2200000 a 4500</leader><controlfield tag="001">11208248</controlfield><controlfield tag="008">840928d18771878ksuwr ne      0   a0eng d</controlfield><controlfield tag="009">3789</controlfield><datafield ind1=" " ind2=" " tag="010"><subfield code="a">sn 84029311 </subfield></datafield><datafield ind1=" " ind2=" " tag="040"><subfield code="a">KSH</subfield><subfield code="b">eng</subfield><subfield code="c">KSH</subfield><subfield code="d">NPT</subfield><subfield code="d">OCL</subfield></datafield><datafield ind1=" " ind2=" " tag="042"><subfield code="a">msc</subfield></datafield><datafield ind1="0" ind2="4" tag="245"><subfield code="a">The Courant-ledger.</subfield></datafield><datafield ind1="0" ind2="0" tag="246"><subfield code="a">Courant ledger</subfield></datafield><datafield ind1=" " ind2=" " tag="260"><subfield code="a">Howard, Kan. :</subfield><subfield code="b">Reynolds &amp; Steinbarger,</subfield><subfield code="c">1877-1878.</subfield></datafield><datafield ind1=" " ind2=" " tag="300"><subfield code="a">2 v. ;</subfield><subfield code="c">59 cm.</subfield></datafield><datafield ind1=" " ind2=" " tag="310"><subfield code="a">Weekly</subfield></datafield><datafield ind1="0" ind2=" " tag="362"><subfield code="a">Vol. 7, no. 47 (Nov. 22, 1877)-v. 8, no. 52 (Dec. 26, 1878).</subfield></datafield><datafield ind1=" " ind2=" " tag="500"><subfield code="a">"Republican."</subfield></datafield><datafield ind1=" " ind2=" " tag="580"><subfield code="a">Issued also in a daily edition called: Daily courant-ledger, Apr. 1-4, 1878.</subfield></datafield><datafield ind1=" " ind2=" " tag="752"><subfield code="a">United States</subfield><subfield code="b">Kansas</subfield><subfield code="c">Elk</subfield><subfield code="d">Howard.</subfield></datafield><datafield ind1="1" ind2=" " tag="775"><subfield code="t">Daily courant-ledger</subfield><subfield code="g">Apr. 1-4, 1878</subfield><subfield code="w">(DLC)sn 84030154</subfield></datafield><datafield ind1="0" ind2="4" tag="780"><subfield code="t">Courant (Longton, Kan.)</subfield><subfield code="w">(DLC)sn 84029312</subfield></datafield><datafield ind1="0" ind2="4" tag="780"><subfield code="t">Elk County ledger</subfield><subfield code="w">(DLC)sn 84029313</subfield></datafield><datafield ind1="0" ind2="0" tag="785"><subfield code="t">Courant (Howard, Kan.)</subfield><subfield code="w">(DLC)sn 84029310</subfield></datafield></record>